
@IEEEtranBSTCTL{IEEEexample:BSTcontrol,
CTLdash_repeated_names= "no",
}

 @techreport{rfc4443,
   AUTHOR = "Conta, A. and Deering, S. and Gupta, M. Ed.",
   TITLE = "{Internet Control Message Protocol (ICMPv6) for the Internet Protocol Version 6 (IPv6) Specification}",
   HOWPUBLISHED = {Internet Requests for Comments},
   TYPE="{RFC}",
   NUMBER=4443,
   YEAR = {2006},
   MONTH = {March},
   PUBLISHER = "{RFC Editor}",
   INSTITUTION = "{RFC Editor}",
   URL={http://www.rfc-editor.org/info/rfc4443}
   }

  @techreport{rfc3022,
   AUTHOR = "Srisuresh, P. and K. Egevang",
   TITLE = "{Traditional IP Network Address Translator (Traditional NAT)}",
   HOWPUBLISHED = {Internet Requests for Comments},
   TYPE="{RFC}",
   NUMBER=3022,
   YEAR = {2001},
   MONTH = {January},
   PUBLISHER = "{RFC Editor}",
   INSTITUTION = "{RFC Editor}",
   URL={http://www.rfc-editor.org/info/rfc3022}
   }
   
 @techreport{rfc2119,
   AUTHOR = "Bradner, S.",
   TITLE = "{Key words for use in RFCs to Indicate Requirement Levels}",
   HOWPUBLISHED = {Internet Requests for Comments},
   TYPE="{RFC}",
   NUMBER=2119,
   YEAR = {1997},
   MONTH = {March},
   PUBLISHER = "{RFC Editor}",
   INSTITUTION = "{RFC Editor}",
   URL={http://www.rfc-editor.org/info/rfc2119}
   }
   
 @techreport{rfc792,
   AUTHOR = "Postel, J.",
   TITLE = "{Internet Control Message Protocol}",
   HOWPUBLISHED = {Internet Requests for Comments},
   TYPE="{RFC}",
   NUMBER=792,
   YEAR = {1981},
   MONTH = {September},
   PUBLISHER = "{RFC Editor}",
   INSTITUTION = "{RFC Editor}",
   URL={http://www.rfc-editor.org/info/rfc792}
   }
   
 @techreport{rfc4861,
   AUTHOR = "Narten, T. and Nordmark, E. and Simpson, W. and Soliman, H.",
   TITLE = "{Neighbor Discovery for IP version 6 (IPv6)}",
   HOWPUBLISHED = {Internet Requests for Comments},
   TYPE="{RFC}",
   NUMBER=4861,
   YEAR = {2007},
   MONTH = {September},
   PUBLISHER = "{RFC Editor}",
   INSTITUTION = "{RFC Editor}",
   URL={http://www.rfc-editor.org/info/rfc4861}
   }
   
   
@article{chak,
    AUTHOR = "Chakraborty, M. and Chaki, N. and Cortesi, A.",
    TITLE = "{A New Intrusion Prevention System for Protecting Smart Grids from ICMPv6 Vulnerabilities}",
    JOURNAL = {Conference: 2014 Federated Conference on Computer Science and Information Systems},
    YEAR = {2014},
    VOLUME = {2}
}

@article{sans,
    AUTHOR="Pilihanto, A.",
    TITLE= "{A complete guide on IPv6 attack and defense}",
    JOURNAL={SANS Institute},
    YEAR={2011}
}

@techreport{rfc4191,
   AUTHOR = "Draves, R. and Thaler, D.",
   TITLE = "{Default Router Preferences and More-Specific Routes}",
   HOWPUBLISHED = {Internet Requests for Comments},
   TYPE="{RFC}",
   NUMBER=4191,
   YEAR = {2005},
   MONTH = {November},
   PUBLISHER = "{RFC Editor}",
   INSTITUTION = "{RFC Editor}",
   URL={http://www.rfc-editor.org/info/rfc4191}
   }

@techreport{rfc3971,
   AUTHOR = "Arkko, J., and Kempf, Ed. J. and Zill, B. and Nikander,  P. ",
   TITLE = "{SEcure Neighbor Discovery (SEND)}",
   HOWPUBLISHED = {Internet Requests for Comments},
   TYPE="{RFC}",
   NUMBER=3971,
   YEAR = {2005},
   MONTH = {March},
   PUBLISHER = "{RFC Editor}",
   INSTITUTION = "{RFC Editor}",
   URL={http://www.rfc-editor.org/info/rfc3971}
   }

@techreport{smurf,
   AUTHOR = "Gont, F. and Liu, W.",
   TITLE = "{Security Implications of IPv6 Options of Type 10xxxxxx draft-gont-6man-ipv6-smurf-amplifier-03}",
   HOWPUBLISHED = {Internet Draft},
   TYPE="{Draft}",
   YEAR = {2013},
   MONTH = {March},
   URL={https://tools.ietf.org/html/draft-gont-6man-ipv6-smurf-amplifier-03}
   }
   
@techreport{rfc2460,
   AUTHOR = "Deering, S. and R. Hinden",
   TITLE = "{Internet Protocol, Version 6 (IPv6) Specification}",
   HOWPUBLISHED = {Internet Requests for Comments},
   TYPE="{RFC}",
   NUMBER=2460,
   YEAR = {1998},
   MONTH = {December},
   PUBLISHER = "{RFC Editor}",
   INSTITUTION = "{RFC Editor}",
   URL={http://www.rfc-editor.org/info/rfc2460}
   }
   
@techreport{rfc4862,
   AUTHOR = "Thomson, S. and Narten, T. and T. Jinmei",
   TITLE = "{IPv6 Stateless Address Autoconfiguration}",
   HOWPUBLISHED = {Internet Requests for Comments},
   TYPE="{RFC}",
   NUMBER=4862,
   YEAR = {2007},
   MONTH = {September},
   PUBLISHER = "{RFC Editor}",
   INSTITUTION = "{RFC Editor}",
   URL={http://www.rfc-editor.org/info/rfc4862}
   }
   
@online{juniper,
  author = "Juniper",
  title = "{Understanding Multicast Reverse Path Forwarding}",
  year = 2014,
  url = {http://www.juniper.net/documentation/en_US/junos14.1/topics/concept/multicast-reverse-path-forwarding.html},
  urldate = {2014-09-20},
  note = {Accessed: 28-11-2015}
}

@article{apt,
    AUTHOR= "Fortinet",
    TITLE= "{Threats on the Horizon: The Rise of the Advanced Persistent Threat}",
    JOURNAL={solution report, Fortinet Inc.},
    YEAR={2013}
}

@article{uroburos,
    AUTHOR= "G Data SecurityLabs",
    TITLE= "{Uroburos: Highly complex espionage software with Russian roots}",
    JOURNAL={tech. rep., G Data Software AG},
    YEAR={2014}
}

@online{stuxnet,
  author = "Falliere, N. and Murchu, L. O. and E. Chien",
  title = "{W32.Stuxnet Dossier}",
  year = 2011,
  url = {http://www.symantec.com/content/en/us/enterprise/media/security_response/whitepapers/w32_stuxnet_dossier.pdf},
  urldate = {2014-09-20},
  note = {Accessed: 21-03-2016}
}

@article{apa,
    AUTHOR="Rajpari, F.",
    TITLE= "{Finding the Advanced Persistent Adversary}",
    JOURNAL={SANS Institute},
    YEAR={2014}
}

@article{prisoners,
    AUTHOR="Simmons, J. G.",
    TITLE= "{The prisoners’ problem and the subliminal channel}",
    JOURNAL={Advances in Cryptology, Proceedings of CRYPTO ’83, pages 51–67},
    YEAR={1984}
}

@article{netaware,
    AUTHOR="Lewandowski, G.",
    TITLE= "{Network-aware Active Wardens in IPv6}",
    JOURNAL={Electrical Engineering and Computer Science - Dissertations},
    YEAR={2011}
}

@article{lucena,
    AUTHOR= "Lucena, N.",
    TITLE= "Application-level Protocol Steganography",
    JOURNAL={PhD thesis, Syracuse University},
    YEAR={2008}
}

@article{lucena2,
    AUTHOR="Lucena, N. and Pease, J. and Yadollahpour, P. and S. J. Chapin",
    TITLE= "{Syntax and Semantics-Preserving Application-Layer Protocol Steganography}",
    JOURNAL={Syracuse University},
    YEAR={2004}
}

 @techreport{rfc2026,
   AUTHOR = "Bradner, S.",
   TITLE = "{The Internet Standards Process -- Revision 3}",
   HOWPUBLISHED = {Internet Requests for Comments},
   TYPE="{RFC}",
   NUMBER=2026,
   YEAR = {1996},
   MONTH = {October},
   PUBLISHER = "{RFC Editor}",
   INSTITUTION = "{RFC Editor}",
   URL={http://www.rfc-editor.org/info/rfc2026}
   }
 
@online{voodoo,
  author = "Murphy, R. P.",
  title = "{IPv6/ICMPv6 Covert Channels}",
  year = 2006,
  url = {https://www.defcon.org/images/defcon-14/dc-14-presentations/DC-14-Murphy.pdf},
  note = {Accessed: 2-04-2016}
}

@online{ipv6ready,
  author = "{IPv6 Ready Committee}",
  title = "{IPv6 Ready Logo White Paper}",
  year = 2013,
  url = {https://www.ipv6ready.org/docs/IPv6_Ready_Logo_White_Paper_Final.pdf},
  note = {Accessed: 2-04-2016}
}

@online{ipv6readyCore,
  author = "{IPv6 Ready Committee}",
  title = "{Core Conformance}",
  year = 2010,
  url = {https://www.ipv6ready.org/docs/Core_Conformance_Latest.pdf},
  note = {Accessed: 2-04-2016}
}

@online{ipv6readyCore2,
  author = "{IPv6 Ready Committee}",
  title = "{Core Interoperability}",
  year = 2010,
  url = {https://www.ipv6ready.org/docs/Core_Interoperability_Latest.pdf},
  note = {Accessed: 2-04-2016}
}

@online{thc,
  author = "{The Hacker Choice}",
  title = "{Attacking the IPv6 Protocol Suite}",
  year = 2006,
  url = {https://www.thc.org/papers/vh_thc-ipv6_attack.pdf},
  note = {Accessed: 4-04-2016}
}

@article{secExperiments,
    AUTHOR="Peisert, S. and M. Bishop",
    TITLE= "{How to Design Computer Security Experiments}",
    JOURNAL={Fifth World Conference on Information Security Education: Proceedings of the IFIP TC11 WG 11.8, WISE 5, 19 to 21 June 2007, United States Military Academy, West Point, New York, USA},
    YEAR={2007}
}

@article{carroll,
    AUTHOR="Carroll, T. E. and Manz, D. and Edgar, T. and F. L. Greitzer",
    TITLE= "{Realizing Scientific Methods for Cyber Security}",
    JOURNAL={Proceedings of the 2012 Workshop on Learning from Authoritative Security Experiment Results},
    YEAR={2012}
}

@article{kaplan,
    AUTHOR="Kaplan, B. and D. Duchon",
    TITLE= "{Combining Qualitative and Quantitative Methods in Information Systems Research: A Case Study}",
    JOURNAL={Management Information Systems Research Center, University of Minnesota},
    YEAR={1988}
}

@online{nist,
  author = "{National Institute of Standards and Technology}",
  title = "{Guidelines on Firewalls and Firewall Policy}",
  year = 2009,
  url = {http://csrc.nist.gov/publications/nistpubs/800-41-Rev1/sp800-41-rev1.pdf},
  note = {Accessed: 22-04-2016}
}

@online{nics,
  author = "{Nasa Integrated Communication Services}",
  title = "{NICS IPv6 Best Practices Guide}",
  year = 2014,
  url = {https://www.hpc.mil/images/hpcdocs/ipv6/nics_ipv6_best_practices_guide.pdf},
  note = {Accessed: 22-04-2016}
}

 @techreport{rfc4890,
   AUTHOR = "Davies, E. and J. Mohacsi",
   TITLE = "{Recommendations for Filtering ICMPv6 Messages in Firewalls}",
   HOWPUBLISHED = {Internet Requests for Comments},
   TYPE="{RFC}",
   NUMBER=4890,
   YEAR = {2007},
   MONTH = {May},
   PUBLISHER = "{RFC Editor}",
   INSTITUTION = "{RFC Editor}",
   URL={http://www.rfc-editor.org/info/rfc4890}
   }
   
@online{ip6tablesGiobbi,
  author = "{Giobbi R.}",
  title = "{Filtering ICMPv6 Using Host-Based Firewalls}",
  year = 2008,
  url = {https://insights.sei.cmu.edu/cert/2008/11/filtering-icmpv6-using-host-based-firewalls.html},
  note = {Accessed: 22-04-2016}
}